
@misc{NIDA_ODR, 
title={Overdose Death Rates}, url={https://www.drugabuse.gov/related-topics/trends-statistics/overdose-death-rates}, 
author={National Institute On Drug Abuse, NIDA}, 
year={2019}, 
month={Jan}}

@misc{NIDA_OOC, 
title={Opioid Overdose Crisis}, url={https://www.drugabuse.gov/drugs-abuse/opioids/opioid-overdose-crisis}, 
author={National Institute On Drug Abuse, NIDA}, 
year={2019}, 
month={Jan}}

@misc{HHS, 
title={The Prescription Drug and Heroin Overdose Epidemic}, 
url={https://www.hhs.gov/opioids/}, 
author={Health and Human Services}, 
year={2019}, 
month={March}}

@misc{Acion,
title={Use of a machine learning framework to predict substance use disorder treatment success},
url={https://journals.plos.org/plosone/article?id=10.1371/journal.pone.0175383},
author={Acion, L., Kelmansky, D., Laan, M. V., Sahker, E., Jones, D., & Arndt, S},
year={2017},
month={April}}


@misc{Webster,
title={Predicting Aberrant Behaviors in Opiod-Treated Patients: Preliminary Validation of the Opiod Risk Tool},
url={https://www.ncbi.nlm.nih.gov/pubmed/16336480},
author={Webster, L.R., and R.M Webster},
year={2005},
month={December}}

@misc{Allegheny,
title={Information About Opioids and Overdose Prevention},
url={https://alleghenycounty.us/Health-Department/Programs/Special-Initiatives/Overdose-Prevention/Information-About-Opioids.aspx},
author={Allegheny County},
year={2019}}

@misc{Haller,
title={Enhancing Risk Assessment in Patients Receiving Chronic Opioid Analgesic Therapy Using Natural Language Processing},
url={https://www.ncbi.nlm.nih.gov/pubmed/28034982},
author={Haller, I.V., C.M. Renier, M. Juusola, P. Hitz, W. Steffen, M.J. Asmus, T. Craig, J. Mardekian, E.T. Masters, T.E. Elliott},
year={2017},
month={October}}

@misc{Sage,
title={Finding a needle in the haystack: Using machine-learning to predict overdose in opioid users},
url={Finding a needle in the haystack: Using machine-learning to predict overdose in opioid users},
author={Sage Crosier, B., J. Borodovsky, P. Mateu-Gelabert, H. Guarino},
year={2017},
month={February}}

@misc{Lobo,
title={Panel Paper: Using Unsupervised Machine Learning to Identify Potentially Problematic Opioid Use in Medicare},
url={https://appam.confex.com/appam/2017/webprogram/Paper23485.html},
author={Lobo, C., H. Jalal, C. Chang, G. Cochran, J. Donohue},
year={2017},
month={November}}

% additions since proposal submission:
@misc{Wonder,
title={Wide-ranging online data for epidemiologic research (WONDER)},
url={http://wonder.cdc.gov.},
author={CDC, National Center for Health Statistics},
year={2017}}

@misc{NationalInstitute,
title={Opioid Overdose Crisis},
url={https://www.drugabuse.gov/drugs-abuse/opioids/opioid-overdose-crisis#eight},
author={National Institute on Drug Abuse},
year={2019},
month={March}}

@misc{CDC_OO,
title={Opioid Overdose},
url={https://www.cdc.gov/drugoverdose/epidemic/index.html},
author={CDC},
year={2017},
month={August}}

@misc{CADCA,
title={The Comprehensive Addiction and Recovery Act (CARA)},
author={CADCA},
url={https://www.cadca.org/comprehensive-addiction-and-recovery-act-cara},
year={2016}}